<?xml version="1.0" encoding="UTF-8"?><record xmlns="http://www.loc.gov/MARC21/slim" xmlns:cinclude="http://apache.org/cocoon/include/1.0" xmlns:zs="http://www.loc.gov/zing/srw/">
  <leader>00718cz  a2200169n  4500</leader>
  <controlfield tag="001">n 2002062971</controlfield>
  <controlfield tag="003">DLC</controlfield>
  <controlfield tag="005">20130920073929.0</controlfield>
  <controlfield tag="008">020711n| azannaabn          |a aaa      </controlfield>
  <datafield tag="010" ind1=" " ind2=" ">
    <subfield code="a">n 2002062971</subfield>
  </datafield>
  <datafield tag="035" ind1=" " ind2=" ">
    <subfield code="a">(OCoLC)oca05810012</subfield>
  </datafield>
  <datafield tag="040" ind1=" " ind2=" ">
    <subfield code="a">DLC</subfield>
    <subfield code="b">eng</subfield>
    <subfield code="e">rda</subfield>
    <subfield code="c">DLC</subfield>
    <subfield code="d">DLC</subfield>
    <subfield code="d">InU</subfield>
  </datafield>
  <datafield tag="100" ind1="1" ind2=" ">
    <subfield code="a">Ossowska, Aldona</subfield>
  </datafield>
  <datafield tag="400" ind1="1" ind2=" ">
    <subfield code="a">Ossowska-Zwierzchowa, Aldona</subfield>
  </datafield>
  <datafield tag="400" ind1="1" ind2=" ">
    <subfield code="a">Zwierzchowa, Aldona Ossowska-</subfield>
  </datafield>
  <datafield tag="670" ind1=" " ind2=" ">
    <subfield code="a">Moralistyka okresu wczesnego Cesarstwa Rzymskiego wobec problemów wychowania w rodzinie, 2001:</subfield>
    <subfield code="b">t.p. (Aldona Ossowska)</subfield>
  </datafield>
  <datafield tag="670" ind1=" " ind2=" ">
    <subfield code="a">Materiały z III Ogólnopolskiej Konferencji  "Uniwersytety Trzeciego Wieku-- dla Siebie i Innych", 15-17 września 2006 roku, Słupsk, 2007:</subfield>
    <subfield code="b">t.p. (Aldony Ossowskiej-Zwierzchowej)</subfield>
  </datafield>
</record>